% Encoding: UTF-8

@Article{Kosinski_2023,
  author      = {Michal Kosinski},
  title       = {Theory of Mind May Have Spontaneously Emerged in Large Language Models},
  date        = {2023-02-04},
  eprint      = {2302.02083v3},
  eprintclass = {cs.CL},
  eprinttype  = {arXiv},
  file        = {online:http\://arxiv.org/pdf/2302.02083v3:PDF},
  keywords    = {cs.CL, cs.CY, cs.HC},
}

@Article{Bubeck_2023,
  author      = {Sébastien Bubeck and Varun Chandrasekaran and Ronen Eldan and Johannes Gehrke and Eric Horvitz and Ece Kamar and Peter Lee and Yin Tat Lee and Yuanzhi Li and Scott Lundberg and Harsha Nori and Hamid Palangi and Marco Tulio Ribeiro and Yi Zhang},
  title       = {Sparks of Artificial General Intelligence: Early experiments with GPT-4},
  date        = {2023-03-22},
  eprint      = {2303.12712v5},
  eprintclass = {cs.CL},
  eprinttype  = {arXiv},
  file        = {online:http\://arxiv.org/pdf/2303.12712v5:PDF},
  keywords    = {cs.CL, cs.AI},
}

@Article{Lohmann_2003,
  author    = {Heidemarie Lohmann and Michael Tomasello},
  title     = {The Role of Language in the Development of False Belief Understanding: A Training Study},
  journal   = {Child Development},
  year      = {2003},
  volume    = {74},
  number    = {4},
  pages     = {1130--1144},
  month     = {jul},
  doi       = {10.1111/1467-8624.00597},
  publisher = {Wiley},
}

@Article{Pyers_2009,
  author    = {Jennie E. Pyers and Ann Senghas},
  title     = {Language Promotes False-Belief Understanding},
  journal   = {Psychological Science},
  year      = {2009},
  volume    = {20},
  number    = {7},
  pages     = {805--812},
  month     = {jul},
  doi       = {10.1111/j.1467-9280.2009.02377.x},
  publisher = {{SAGE} Publications},
}

@Article{Siegelmann_1995,
  author    = {Hava T. Siegelmann},
  title     = {Computation Beyond the Turing Limit},
  journal   = {Science},
  year      = {1995},
  volume    = {268},
  number    = {5210},
  pages     = {545--548},
  month     = {apr},
  doi       = {10.1126/science.268.5210.545},
  publisher = {American Association for the Advancement of Science ({AAAS})},
}

@Article{Hauser_2002,
  author    = {Marc D. Hauser and Noam Chomsky and W. Tecumseh Fitch},
  title     = {The Faculty of Language: What Is It, Who Has It, and How Did It Evolve?},
  journal   = {Science},
  year      = {2002},
  volume    = {298},
  number    = {5598},
  pages     = {1569--1579},
  month     = {nov},
  doi       = {10.1126/science.298.5598.1569},
  publisher = {American Association for the Advancement of Science ({AAAS})},
}

@Article{Gallego_2022,
  author    = {{\'{A}}ngel J. Gallego and Rom{\'{a}}n Or{\'{u}}s},
  title     = {Language Design as Information Renormalization},
  journal   = {{SN} Computer Science},
  year      = {2022},
  volume    = {3},
  number    = {2},
  month     = {jan},
  doi       = {10.1007/s42979-021-01002-y},
  publisher = {Springer Science and Business Media {LLC}},
}

@InBook{Mark_2006,
  chapter   = {1.1},
  pages     = {3},
  title     = {Language, Grammar and Linguistic Theory},
  publisher = {Bölcsész Konzorcium HEFOP Iroda},
  year      = {2006},
  author    = {Mark Newson, Marianna Hordós, Dániel Pap, Krisztina Szécsényi, Gabriella Tóth,Veronika Vincze},
  isbn      = {9789639704701
9639704709},
  book      = {Basic English Syntax with Exercises},
}

@Article{Tanaka_2019,
  author    = {Kyohei Tanaka and Isso Nakamura and Shinri Ohta and Naoki Fukui and Mihoko Zushi and Hiroki Narita and Kuniyoshi L. Sakai},
  title     = {Merge-Generability as the Key Concept of Human Language: Evidence From Neuroscience},
  journal   = {Frontiers in Psychology},
  year      = {2019},
  volume    = {10},
  month     = {nov},
  doi       = {10.3389/fpsyg.2019.02673},
  publisher = {Frontiers Media {SA}},
}

@Comment{jabref-meta: databaseType:bibtex;}
