% This file was created with JabRef 2.7.2.
% Encoding: MacRoman


 @article{cite:1,
  author = {SÂ´ebastien Bubeck and Varun Chandrasekaran and Ronen Eldan and Johannes Gehrke and Eric Horvitz and },
  title = {Sparks of Artificial General Intelligence:
Early experiments with GPT-4},
  journal = {Microsoft Research},
  month = April,
  DOI = "https://arxiv.org/pdf/2303.12712"}


 @article{cite:2,
  author = {Michal Kosinski},
  title = {Theory of Mind May Have Spontaneously Emerged in Large Language Models},
  journal = {IEEE TRANSACTIONS ON EVOLUTIONARY COMPUTATION},
  month = March,
  year = 2023,
 DOI = "https://arxiv.org/abs/2302.02083"}

 @article{cite:3,
  author = {Heidemarie Lohmann and Michael Tomasello},
  title = {The Role of Language in the Development of False Belief Understanding: A Training Study},
  journal = {Child Development},
  month = Aug,
  year = 2003,
  volume = 74,
  pages = {1130--1144},
  DOI ="https://www.jstor.org/stable/3696213"}


@article{cite:4,
    author = "Jennie E. Pyers and Ann Senghas ",
    title = "{Language Promotes False-Belief Understanding:
Evidence From Learners of a New Sign Language}",
    journal = "Psychological Science",
    year = "2009",
    month = July,
    volume = 20,
    issue=7,   
    pages = {787--922},
    DOI = "https://journals.sagepub.com/doi/full/10.1111/j.1467-9280.2009.02377.x"
}

@article{cite:5,
    author = "Hava T. Siegelmann",
    title = "{Computation Beyond the Turing Limit}",
    journal = "Science",
    year = "1995",
    month = January,
    volume = 268,
    pages = {545--548},
    DOI = "https://www.science.org/doi/10.1126/science.268.5210.545"
}


@comment{jabref-meta: selector_review:}

@comment{jabref-meta: selector_publisher:}

@comment{jabref-meta: selector_author:}

@comment{jabref-meta: selector_journal:}

@comment{jabref-meta: selector_keywords:}

